@article{bos2015novel,
  title={A novel condensation reactor for efficient \ce{CO2} to methanol conversion for storage of renewable electric energy},
  author={Bos, Martin Johan and Brilman, Derk Willem Frederik},
  journal={Chemical engineering journal},
  volume={278},
  pages={527--532},
  year={2015},
  publisher={Elsevier}
}